@misc{Zeitenwende,
 author = {{Olaf Scholz}},
 title = {{Zeitenwende - Regierungserklärung in der
Sondersitzung zum Krieg
gegen die Ukraine vor dem
Deutschen Bundestag}},
 howpublished = {[Online]},
 note = {Zugriff am: {2024-01-08}},
 year = 2022,
  url = {https://www.bundesregierung.de/resource/blob/992814/2131062/78d39dda6647d7f835bbe76713d30c31/bundeskanzler-olaf-scholz-reden-zur-zeitenwende-download-bpa-data.pdf}
  
}
@misc{SocialMediaUkraine,
 author = {{Paul Strobel}},
 editor = {{Konrad Adenauer Stiftung}},
 title = {{Die sozialen Medien im Urkaine Krieg}},
 howpublished = {[Online]},
  url = {https://www.kas.de/de/web/die-politische-meinung/blog/detail/-/content/die-sozialen-medien-im-ukrainekrieg},
  note = {Zugriff am: {2024-01-08}}
}
@misc{TwitterUsers,
 author =  {{Statista}},
 title = {Number of X (formerly Tiwtter) users worldwide from 2019 to 2024},
 howpublished = {[Online]},
  url = {https://www.statista.com/statistics/303681/twitter-users-worldwide/},
  note = {Zugriff am: {2024-01-08}}
}
@article{TwitterBrexit,
 author =  {{Miha Grcar, Darko Cherepnalkosik, Igor Mozetic, Petra Kraj Novak}},
 editor = {{Springer Open}},
 title = {{Stance and influence of Twitter users regarding the Brexit referendum}},
  journal = "Comput Soc Netw",
  year    = 2017,
}
@article{TwitterBrexit2,
 author =  {{Amirarsalan Rajabi, Alexander V. Mantzaris, Kuldip Singh Atwal, Ivan Garibay}},
 editor = {{Springer}},
 title = {{Exploring the disparity of influence between users in the discussion of Brexit on Twitter}},
  journal = "Journal of Computational Social Science",
  year    = 2021,
}
@article{TwitterCovid,
 author =  {{Sakun Boon-Itt, Yukolpat Skunkan}},
 editor = {{}},
 title = {{Public Perception of the COVID-19 Pandeimc on Twitter: Sentiment Analysis and Topic Modeling Study}},
  journal = "JMIR PUBLIC HEALT AND SURVEILLANCE",
  year    = 2021,
}
@article{SocialNetworking,
 author =  {{Weiwu Zhang, Thomas J. Johnson, Trent Seltzer, Shannon L. Bichard}},
 editor = {{}},
 title = {{The Revoultion will be Networked - The Influce of Social Networking Sites on Political Attitudes and Behavior}},
  journal = "Social Science Computer Review",
  year    = 2010,
}
@article{TopicModelling,
 author =  {{David M. Blei, John D. Lafferty}},
 editor = {{}},
 title = {{Topic Models}},
  journal = "Text Mining",
  year    = 2009,
}
@article{Fraunhofer,
 author =  {{Sonja Grigoleit}},
 editor = {{Fraunhofer INT}},
 title = {{Natural Language Processing}},
  journal = "Europäische Sicherheit und Technik",
  year    = 2009,
}
@article{TopicModellingTelegram1,
 author =  {{Clara Maathuis, Iddo Kerkhof}},
 editor = {{}},
 title = {{The first two months in the war in Ukraine through topioc modeling and sentiment analysis}},
  journal = "Reg. Sci Policy Pract",
  year    = 2023,
}
@article{TopicModellingTelegram2,
 author =  {{Clara Maathuis, Iddo Kerkhof}},
 editor = {{}},
 title = {{First Six Months of War from Ukrainian Topic and Sentiment Analysis}},
  journal = "Reg. Sci Policy Pract",
  year    = 2023,
}
@article{TopicTwitterLDABERt,
 author =  {{Salim Sazzed}},
 editor = {{}},
 title = {{The Dynamics of Ukraine-Russian Conflict through the Lens of Demographically Diverse Twitter Data}},
  journal = "IEEE Internation Conference on Big Data",
  year    = 2022,
}
@article{TopicModelingconflig,
 author =  {{Pradham Nayak, Lakshmi JVN, Vanda V. Bhagat}},
 editor = {{}},
 title = {{Topic Modelling of ongoing conflict between Russia and Ukraine}},
  journal = "International Conference on Trends in Quantum Computing and Emerging Business Technologies",
  year    = 2022,
}
@article{SocialMediaanalysis,
 author =  {{Fahim Sufi}},
 editor = {{Vincenzo Moscato}},
 title = {{Social Media Analytics on Russia-Ukraine Cyber War with Natural Language Processing: Perspectives and Challenges}},
  journal = "MDPI",
  year    = 2023,
}
@article{Ivanna,
 author =  {{Ivanna Becker}},
 editor = {{Prof. Dr. A Kruspe}},
 title = {{Analyse der öffentlichen Meinung während des russisch-ukrainischen Krieges: Eine Twitter-Daten-basierte Studie}},
  journal = "",
  year    = 2023,
}
@incollection{grandstrand,
  author      = {F. Wolfgang},
  title       = "Der Matching-Prozess",
  booktitle   = "Arbeitsmarktökonomik. Springer-Lehrbuch.",
  publisher   = "Springer",
  address     = "Berlin, Heidelberg",
  year        = 1994,
  pages       = "195ff",
  chapter     = 6,
}
@article{mül,
  author  = {{S. Mühlbuer, E. Weber}},
  title   = "Machine Learning for Labour Market Matching",
  journal = "Articles on labour market issues",
  year    = 2022,
  number  = "3",
  pages = 5
}
@book{mlfound,
  title     = {Foundations of Machine Learning},
  author    = {{M. Mohri, A. Rostamizadeh, A. Talwalkar}},
  year      = 2018,
  publisher = {MIT Press},
  address   = {London, England}
}
@article{svm,
  author  = {{A. Mammone, M. Turchi, N. Christianini}},
  title   = {Support vector machines},
  journal = {Journal of statistical software},
  year    = 2009,
  volume  = {1}
}
@article{rf,
  author  = {{Leo Breiman}},
  title   = {Random Forests},
  journal = {Machine Learning},
  year    = 2001,
  volume  = {45},
  pages = {5-35}
}
@article{xgb,
  author  = {{T. Chen, C. Guestrin}},
  title   = {XGBoost: A Scalable Tree Boosting System},
  year    = 2016,
  adress = {San Francisco, USA}
}
@article{metrics,
  author  = {{A. Botchkarev}},
  title   = {Performance Metrics in Machine Learning Regression, Forecasting and Prognostics: Properties and Typology},
  year    = 2018,
  adress = {Toronto, Ontario, Ryerson University},
  pages = {4.}
}
@misc{ieb,
 author = {{Bundesministerium für Arbeit und Soziales}},
 title = {{Stichprobe der Integrierten Erwerbsbiografien des IAB}},
 howpublished = {[Online]},
  url = {https://kooperationen.zew.de/dfgflex/links/datensaetze-deutschland/stichprobe-der-integrierten-erwerbsbiografien-des-iab-iebs},
  note = {Zugriff am: {2023-05-25}.}
}
@article{candidatjobmatching,
  author  = {{A. van Belle, E. Dehling, D. Foster}},
  title   = {Improving Candidate to Job Matching with Machine Learning},
  year    = 2018,
  adress = {Netherlands, Amsterdam, Textkernel}
}
@article{hiri,
  author  = {{Marios Kokkodis, Panagiotis Papadimitriou}},
  title   = {Hiring Behavior Models for Online Labor Markets},
  year    = 2015,
  adress = {Shangai, China}
}

