@misc{Zeitenwende,
 author = {{Olaf Scholz}},
 title = {{Zeitenwende - Regierungserklärung in der
Sondersitzung zum Krieg
gegen die Ukraine vor dem
Deutschen Bundestag}},
 howpublished = {[Online]},
 note = {Zugriff am: {2024-01-08}},
 year = 2022,
  url = {https://www.bundesregierung.de/resource/blob/992814/2131062/78d39dda6647d7f835bbe76713d30c31/bundeskanzler-olaf-scholz-reden-zur-zeitenwende-download-bpa-data.pdf}
}
@misc{SocialMediaUkraine,
 author = {{Paul Strobel}},
 editor = {{Konrad Adenauer Stiftung}},
 title = {{Die sozialen Medien im Ukraine Krieg}},
 howpublished = {[Online]},
  url = {https://www.kas.de/de/web/die-politische-meinung/blog/detail/-/content/die-sozialen-medien-im-ukrainekrieg},
  note = {Zugriff am: {2024-01-08}}
}
@misc{TwitterUsers,
 author =  {{Statista}},
 title = {Number of X (formerly Tiwtter) users worldwide from 2019 to 2024},
 howpublished = {[Online]},
  url = {https://www.statista.com/statistics/303681/twitter-users-worldwide/},
  note = {Zugriff am: {2024-01-08}}
}
@article{TwitterBrexit,
 author =  {{Miha Grcar, Darko Cherepnalkosik, Igor Mozetic, Petra Kraj Novak}},
 editor = {{Springer Open}},
 title = {{Stance and influence of Twitter users regarding the Brexit referendum}},
  journal = "Comput Soc Netw",
  year    = 2017,
}
@article{TwitterBrexit2,
 author =  {{Amirarsalan Rajabi, Alexander V. Mantzaris, Kuldip Singh Atwal, Ivan Garibay}},
 editor = {{Springer}},
 title = {{Exploring the disparity of influence between users in the discussion of Brexit on Twitter}},
  journal = "Journal of Computational Social Science",
  year    = 2021,
}
@article{TwitterCovid,
 author =  {{Sakun Boon-Itt, Yukolpat Skunkan}},
 editor = {{}},
 title = {{Public Perception of the COVID-19 Pandeimc on Twitter: Sentiment Analysis and Topic Modeling Study}},
  journal = "JMIR PUBLIC HEALT AND SURVEILLANCE",
  year    = 2021,
}
@article{SocialNetworking,
 author =  {{Weiwu Zhang, Thomas J. Johnson, Trent Seltzer, Shannon L. Bichard}},
 editor = {{}},
 title = {{The Revoultion will be Networked - The Influce of Social Networking Sites on Political Attitudes and Behavior}},
  journal = "Social Science Computer Review",
  year    = 2010,
}
@misc{TwitterPaywall,
author= {{Brian Fung, CNN}},
title = { Academic researchers blast Twitter's data paywall as 'outrageously expensive'},
 howpublished = {[Online]},
  url = {https://edition.cnn.com/2023/04/05/tech/academic-researchers-blast-twitter-paywall/index.html},
  note = {Zugriff am: {2024-06-15}}
}
@misc{TwitterPaywall2,
author= {{Reuters}},
title = {What does Twitter 'rate limit exceeded' mean for users?},
 howpublished = {[Online]},
  url = {https://www.reuters.com/technology/what-does-twitter-rate-limit-exceeded-mean-users-2023-07-03/},
  note = {Zugriff am: {2024-06-15}}
}
@article{TopicModelling,
 author =  {{David M. Blei, John D. Lafferty}},
 title = {{Topic Models}},
  journal = "Text Mining",
  year    = 2009,
}
@article{Fraunhofer,
 author =  {{Sonja Grigoleit}},
 editor = {{Fraunhofer INT}},
 title = {{Natural Language Processing}},
  journal = "Europäische Sicherheit und Technik",
  year    = 2009,
}
@article{TopicModellingTelegram1,
 author =  {{Clara Maathuis, Iddo Kerkhof}},
 editor = {{}},
 title = {{The first two months in the war in Ukraine through topioc modeling and sentiment analysis}},
  journal = "Reg. Sci Policy Pract",
  year    = 2023,
}
@article{TopicModellingTelegram2,
 author =  {{Clara Maathuis, Iddo Kerkhof}},
 editor = {{}},
 title = {{First Six Months of War from Ukrainian Topic and Sentiment Analysis}},
  journal = "Reg. Sci Policy Pract",
  year    = 2023,
}
@article{TopicTwitterLDABERt,
 author =  {{Salim Sazzed}},
 editor = {{}},
 title = {{The Dynamics of Ukraine-Russian Conflict through the Lens of Demographically Diverse Twitter Data}},
  journal = "IEEE Internation Conference on Big Data",
  year    = 2022,
}
@article{TopicModelingconflig,
 author =  {{Pradham Nayak, Lakshmi JVN, Vanda V. Bhagat}},
 editor = {{}},
 title = {{Topic Modelling of ongoing conflict between Russia and Ukraine}},
  journal = "International Conference on Trends in Quantum Computing and Emerging Business Technologies",
  year    = 2022,
}
@article{SocialMediaanalysis,
 author =  {{Fahim Sufi}},
 editor = {{Vincenzo Moscato}},
 title = {{Social Media Analytics on Russia-Ukraine Cyber War with Natural Language Processing: Perspectives and Challenges}},
  journal = "MDPI",
  year    = 2023,
}
@article{Ivanna,
 author =  {{Ivanna Becker}},
 editor = {{Prof. Dr. A Kruspe}},
 title = {{Analyse der öffentlichen Meinung während des russisch-ukrainischen Krieges: Eine Twitter-Daten-basierte Studie}},
  journal = "",
  year    = 2023,
}
@incollection{grandstrand,
  author      = {F. Wolfgang},
  title       = "Der Matching-Prozess",
  booktitle   = "Arbeitsmarktökonomik. Springer-Lehrbuch.",
  publisher   = "Springer",
  address     = "Berlin, Heidelberg",
  year        = 1994,
  pages       = "195ff",
  chapter     = 6,
}
@article{LDA,
  author  = {{David M. Blei, Andrew Y. Ng, Michael I. Jordan}},
  editor = "John Lafferty",
  title   = "Latent Dirichlet Allocation",
  journal = "Journal of Machine Learning Research",
  year    = 2003
}
@article{BERTopic,
  author  = {{Maarten Grootendorst}},
  title   = {BERTopic: Neural topic modeling with a class-based TF-IDF procedure},
  year    = 2022,
}
@article{HDBSCAN,
  author  = {{Ricardo J.G.B Campello, Davoud Moulavi, Joerg Sander}},
  title   = {Densitiy-Based Clustering Based on Hierarchical Density Estimates},
  year    = 2013,
  editor = "Springer Verlag"
}
@article{UMAP,
  author  = {{Leland McInnes, John Healy, James Melville}},
  title   = {UMAP: Uniform Manifold Approxiamtion and Projection for Dimension Reduction},
  year    = 2020,
}
@article{Labse,
  author  = {{Fangxiaoyu Feng, Yinfei Yang, Daniel Cer, Naveen Arivazhagan, Wei Wang}},
  title   = {Language-agnostic BERT Sentence Embedding},
  year    = 2022,
}
@article{RoBERTa,
  author  = {{Yinhan Liu, Myle Ott, Naman Goyal, Jingfei Du, Mandar Joshi, Danqi Chen, Omer Levy, Mike Lewis, Luke Zettlemoyer, Veselin Stoyanov}},
  title   = {RoBERTa: A Robustyle Optimized BERT Pretraining Approach},
  year    = 2019,
}
@article{SentenceBERT,
  author  = {{Nils Reimers, Iryna Gurevych}},
  title   = {Sentece-BERT: Sentece Embeddings using Siamese BERT-Networks},
  year    = 2019,
}
@article{BERT,
  author  = {{Jacob Devlin, Ming-Wei Chang, Kenton Lee, Kristina Toutanova}},
  title   = {BERT: Pre-training of Deep Bidirection Transformers for Language Understanding},
  year    = 2019,
}
@article{Albrecht,
  author = {{Jens Albrecht, Sidharth Ramachandran, Christian Winkler}},
  title = {Blueprints for Text Analytics Using Python},
  year = 2020,
  editor = {O'Reilly}
}
@misc{Kaggle,
 author = {{Joshua Adegoke}},
 title = {{A Beginner's Guide to Kaggle for Data Science}},
 howpublished = {[Online]},
 note = {Zugriff am: {2023-06-10}},
 year = 2023,
 url = {https://www.makeuseof.com/beginners-guide-to-kaggle/},
}
@misc{bwandowando,
 author = {{BwandoWando}},
 title = {{BwandoWando}},
 howpublished = {[Online]},
 note = {Zugriff am: {2023-06-10}},
 year = 2023,
 url = {https://www.kaggle.com/bwandowando},
}
@article{Dedupl,
  author  = {{Emily Silcock, Luca D’Amico-Wong, Jinglin Yang, Melissa Dell}},
  title   = {Noise-Robust De-Duplication at Scale},
  year    = 2022,
}
@misc{GoogleTranslateApi,
 author = {{Google}},
 title = {{Cloud Translate API}},
 howpublished = {[Online]},
 note = {Zugriff am: {2024-01-15}},
 year = 2024,
 url = {https://cloud.google.com/translate/docs/reference/rest},
}
@article{diversity,
  author  = {{Adji B. Dieng, Francisco J.R. Ruiz, David M. Blei}},
  title   = {Topic Modeling in Embedding Spaces},
  year    = 2022,
  journal = "Transactions of the Association for Computational Linguistics",
}
@article{npmi,
  author  = {{Gerlof Bouma}},
  title   = {Normalized (Pointwise) Mutual Information in Collocation Extraction},
  year    = 2009,
}
@misc{HuggingFace,
 author = {{HuggingFace}},
 title = {{HuggingFace}},
 howpublished = {[Online]},
  url = {https://huggingface.co/sentence-transformers/LaBSE},
  note = {Zugriff am: {2024-01-17}}
}
@misc{PromptIntroduction,
 author = {{ChatGPT 4, Robin Feldmann}},
 title = {{Prompt for Chapter Introduction}},
 howpublished = {[Online]},
  url = {https://chat.openai.com/share/1fe6e7af-7b16-4dda-ae14-adbf41e77087},
  note = {Zugriff am: {2024-01-17}}
}
@misc{PromptObjective,
 author = {{ChatGPT 4, Robin Feldmann}},
 title = {{Prompt for Chapter Objective}},
 howpublished = {[Online]},
  url = {https://chat.openai.com/share/c12195fd-59fe-43b6-8516-9d564487f0e8},
  note = {Zugriff am: {2024-01-17}}
}
@misc{PromptStateofResearch,
 author = {{ChatGPT 4, Robin Feldmann}},
 title = {{Prompt for Chapter State of Research}},
 howpublished = {[Online]},
  url = {https://chat.openai.com/share/b2b43b8b-2be0-4f83-b337-26f3407d4ec7},
  note = {Zugriff am: {2024-01-17}}
}
@misc{PromptDataSet,
 author = {{ChatGPT 4, Robin Feldmann}},
 title = {{Prompt for Chapter Data Set}},
 howpublished = {[Online]},
  url = {https://chat.openai.com/share/7e821f1d-1dd6-485b-91d8-b37f2f4060e6},
  note = {Zugriff am: {2024-01-17}}
}
@misc{PromptMethodology,
 author = {{ChatGPT 4, Robin Feldmann}},
 title = {{Prompt for Chapter Methodology}},
 howpublished = {[Online]},
  url = {https://chat.openai.com/share/c3d59f6c-32b5-4220-a80e-f143ca8d1f2c},
  note = {Zugriff am: {2024-01-17}}
}
@misc{PromptTechnology,
 author = {{ChatGPT 4, Robin Feldmann}},
 title = {{Prompt for Chapter Technology}},
 howpublished = {[Online]},
  url = {https://chat.openai.com/share/e5b049da-2ae8-4dc4-b8cf-7d9d5e3a66ea},
  note = {Zugriff am: {2024-01-17}}
}